<record><leader>00000cas a22000007a 4500</leader><controlfield tag="001">11846285</controlfield><controlfield tag="008">850325d19211946njuwr ne      0    0eng d</controlfield><datafield ind1=" " ind2=" " tag="010"><subfield code="a">sn 85035556 </subfield></datafield><datafield ind1=" " ind2=" " tag="040"><subfield code="a">NPA</subfield><subfield code="b">eng</subfield><subfield code="c">NPA</subfield><subfield code="d">NJW</subfield><subfield code="d">OCLCQ</subfield></datafield><datafield ind1=" " ind2=" " tag="042"><subfield code="a">msc</subfield></datafield><datafield ind1="0" ind2="0" tag="245"><subfield code="a">Moorestown chronicle.</subfield></datafield><datafield ind1=" " ind2=" " tag="260"><subfield code="a">Moorestown, N.J. :</subfield><subfield code="b">[Moorestown Chronicle]</subfield></datafield><datafield ind1=" " ind2=" " tag="300"><subfield code="a">v. :</subfield><subfield code="b">ill.</subfield></datafield><datafield ind1=" " ind2=" " tag="310"><subfield code="a">Weekly</subfield></datafield><datafield ind1="1" ind2=" " tag="362"><subfield code="a">Began in 1921? Ceased in June 1946.</subfield><subfield code="z">Cf. Wright, W.C. and Stellhorn, P.A. Direct. of N.J. newspapers.</subfield></datafield><datafield ind1=" " ind2=" " tag="500"><subfield code="a">Editors: Wm. J. Lovell, &lt;Jan. 1-July 19, 1934&gt;; Percy Lovell, &lt;Aug. 2, 1934-Dec. 2, 1943&gt;.</subfield></datafield><datafield ind1=" " ind2=" " tag="530"><subfield code="a">Also issued on microfilm by Micro-Graphic Corp., Garfield, N.J.</subfield></datafield><datafield ind1=" " ind2=" " tag="588"><subfield code="a">Description based on: Vol. 55, no. 3 (Jan. 4, 1934).</subfield></datafield><datafield ind1=" " ind2=" " tag="752"><subfield code="a">United States</subfield><subfield code="b">New Jersey</subfield><subfield code="c">Burlington</subfield><subfield code="d">Moorestown.</subfield></datafield><datafield ind1="0" ind2="0" tag="780"><subfield code="t">Moorestown chronicle and Republican</subfield></datafield><datafield ind1="0" ind2="7" tag="785"><subfield code="t">Moorestown news</subfield><subfield code="w">(DLC)sn 85035634</subfield><subfield code="w">(OCoLC)11981113</subfield></datafield><datafield ind1="0" ind2="7" tag="785"><subfield code="t">News-chronicle (Moorestown, N.J.)</subfield></datafield><datafield ind1="1" ind2=" " tag="029"><subfield code="a">AU@</subfield><subfield code="b">000025784400</subfield></datafield></record>